@INPROCEEDINGS{892131,
  author={Connelly, R. and Demaine, E.D. and Rote, G.},
  booktitle={Proceedings 41st Annual Symposium on Foundations of Computer Science}, 
  title={Straightening polygonal arcs and convexifying polygonal cycles}, 
  year={2000},
  volume={},
  number={},
  pages={432-442},
  keywords={Couplings;Bars;Fasteners;Biology computing;Physics computing;Computational geometry;Polymers;Robots;Wire},
  doi={10.1109/SFCS.2000.892131}}

@book{syds√¶ter2005further,
  title={Further Mathematics for Economic Analysis},
  author={Syds{\ae}ter, K.},
  isbn={9780273655763},
  lccn={2005043108},
  url={https://books.google.com/books?id=EOPtAAAAMAAJ},
  year={2005},
  publisher={Financial Times/Prentice Hall}
}

@article{Freedman1988,
author = {Freedman, Michael H., He, Zheng-Xu},
journal = {Inventiones mathematicae},
number = {1},
pages = {129-138},
title = {Factoring the logarithmic spiral.},
url = {http://eudml.org/doc/143561},
volume = {92},
year = {1988},
}

@book{munkres2000topology,
  title={Topology},
  author={Munkres, J.R.},
  isbn={9780131816299},
  lccn={99052942},
  series={Featured Titles for Topology},
  url={https://books.google.com/books?id=XjoZAQAAIAAJ},
  year={2000},
  publisher={Prentice Hall, Incorporated}
}

@misc{bah2013energyawareadaptivebilipschitzembeddings,
      title={Energy-aware adaptive bi-Lipschitz embeddings}, 
      author={Bubacarr Bah and Ali Sadeghian and Volkan Cevher},
      year={2013},
      eprint={1307.3457},
      archivePrefix={arXiv},
      primaryClass={cs.LG},
      url={https://arxiv.org/abs/1307.3457}, 
}