@book{holt2005handbook,
  title={Handbook of Computational Group Theory},
  author={Holt, D.F. and Eick, B. and O'Brien, E.A.},
  isbn={9781420035216},
  lccn={2004043146},
  series={Discrete Mathematics and Its Applications},
  url={https://books.google.com/books?id=rnTLBQAAQBAJ},
  year={2005},
  publisher={CRC Press}
}